
@misc{KDnuggets,
	Title = {10 reasons why I love data and analytics | KDnuggets},
	Author = {Balm, Paul},
	howtopublished = "\url{http://www.kdnuggets.com/2015/06/10-reasons-love-data-analytics.html}"
	Month = June,
	Year = 2015,
	note = {Accessed: 2017-05-10 }
	}


@misc{Reuters,
	Title = {India's Reliance Jio signs up 72 million paying customers | Reuters},
	Author = {Reuters},
	howpublished = "\url{http://www.reuters.com/article/us-reliance-jio-prime-idUSKBN1722BJ}",
	Month = March,
	Year = 2017,
	note = {Accessed: 2017-04-01}
}

@misc{Reichheld1996,
		Title = {Learning from Customer Defections | HBR},
		Author = {Reichheld, Frederick F.},
		howpublished = "\url{https://hbr.org/1996/03/learning-from-customer-defections}",
		Month = March,
		Year = 1996,
		note = {Accessed: 2017-06-16}
}


